<record><leader>00000cas a22000007a 4500</leader><controlfield tag="001">24531998</controlfield><controlfield tag="008">911011d18871912ohuwr ne      0    0eng d</controlfield><datafield ind1=" " ind2=" " tag="010"><subfield code="a">sn 91074571 </subfield></datafield><datafield ind1=" " ind2=" " tag="040"><subfield code="a">ONP</subfield><subfield code="b">eng</subfield><subfield code="c">ONP</subfield><subfield code="d">OCLCQ</subfield></datafield><datafield ind1=" " ind2=" " tag="042"><subfield code="a">msc</subfield></datafield><datafield ind1="0" ind2="4" tag="245"><subfield code="a">The Venice graphic.</subfield></datafield><datafield ind1=" " ind2=" " tag="260"><subfield code="a">Ross, Ohio :</subfield><subfield code="b">L. Demoret,</subfield><subfield code="c">1887-</subfield></datafield><datafield ind1=" " ind2=" " tag="300"><subfield code="a">v.</subfield></datafield><datafield ind1=" " ind2=" " tag="310"><subfield code="a">Weekly</subfield></datafield><datafield ind1="1" ind2=" " tag="362"><subfield code="a">Ceased in 1912?</subfield></datafield><datafield ind1="0" ind2=" " tag="362"><subfield code="a">Vol. 1, no. 1 (July 1, 1887)-</subfield></datafield><datafield ind1=" " ind2=" " tag="515"><subfield code="a">Suspended with Sept. 27, 1912 issue; no other issues found.</subfield></datafield><datafield ind1=" " ind2=" " tag="752"><subfield code="a">United States</subfield><subfield code="b">Ohio</subfield><subfield code="c">Butler</subfield><subfield code="d">Ross.</subfield></datafield><datafield ind1=" " ind2=" " tag="752"><subfield code="a">United States</subfield><subfield code="b">Ohio</subfield><subfield code="c">Butler</subfield><subfield code="d">Venice.</subfield></datafield></record>